<?xml version="1.0" encoding="UTF-8"?><collection xmlns="http://www.loc.gov/MARC21/slim"><record><leader>00517nam--2200193-i-4500</leader><controlfield tag="001">000033144</controlfield><controlfield tag="002">20161230</controlfield><controlfield tag="005">20161230201039</controlfield><controlfield tag="008">060222s1000------------r-----000-0-rum-d</controlfield><datafield ind1=" " ind2=" " tag="040"><subfield code="a">IFIN-HH</subfield></datafield><datafield ind1=" " ind2=" " tag="041"><subfield code="a">rum</subfield></datafield><datafield ind1=" " ind2=" " tag="080"><subfield code="a">535(075.8)</subfield></datafield><datafield ind1="1" ind2=" " tag="100"><subfield code="a">Mihul, Const</subfield></datafield><datafield ind1="1" ind2="0" tag="245"><subfield code="a">Curs de fizica generala</subfield><subfield code="b">Optica</subfield><subfield code="c">Const. Mihul</subfield></datafield><datafield ind1=" " ind2=" " tag="260"><subfield code="a">Iasi, ,</subfield><subfield code="b">Litografia Invatamantului Unitatea Iasi</subfield><subfield code="c">1956</subfield></datafield><datafield ind1=" " ind2=" " tag="300"><subfield code="a">2 fascicule</subfield></datafield><datafield ind1=" " ind2=" " tag="787"><subfield code="a">Fascicula II</subfield><subfield code="h">/454 p./814p</subfield></datafield><datafield ind1=" " ind2=" " tag="852"><subfield code="a">4606</subfield><subfield code="c">535</subfield></datafield><datafield ind1=" " ind2=" " tag="CAT"><subfield code="a">Sys</subfield><subfield code="c">20101014</subfield><subfield code="h">160641</subfield></datafield></record></collection>